@Book{aoe,
	author    = "Paul Horowitz and Winfield Hill",
	title     = "The Art Of Electronics",
	publisher = "Cambridge University Press",
	year      =  1994,
	edition   = "2nd",
	%address   = "New York"
}

@Book{dsp,
	author    =" E. C. Ifeachor and B.W. Jervis",
	title     = "Digital Signal Processing",
	publisher = "Pearson Education Ltd.",
	year      =  2002,
	%address   = "New Jersey"
}

@Unpublished{pcp_notes,  
	author = "Prof. P.C.Pandey",
	title = "EE-712 Embedded System Design Lecture Notes, 2016", 
	note = "Department of Electrical Engineering, I.I.T. Bombay"
}

@Unpublished{dpot_datasheet,  
	author = "Analog Devices",
	title = "AD8403 Datasheet", 
	note = ""
}

@techreport{lfsr_ti,
	author = {John Koeter},
	title = {Whatâ€™s an LFSR? - SCTA036A},
	institution = {Texas Instruments},
	year = 1996	
}

@techreport{lfsr_table,
	author = {Roy Ward, Tim Molteno},
	title = "Table of Linear Feedback Shift Registers",
	institution = "Texas AM University,University of Otago",
	year = "October 26, 2007"	
}

@Unpublished{lfsr_wiki,  
	author = "Wikipedia Article",
	title = "Linear Feedback Shift Register", 
	note = "last accessed on 02/05/2016"
}

@techreport{tiva,
	author = {},
	title = "Tiva TM4C123GH6PM Microcontroller datasheet",
	institution = "Texas Instruments",
	year = "June 12, 2014"	
}